@book{Q-Flex-Beam,
  title={Flexible Link Experiment for MATLAB/Simulink Users},
  author={Apiarian, J. and Karam, P. and L{\'e}vis, M.},
  year={2011},
  publisher={Quanser}
}

@book{Q-Rot-Pen,
  title={Inverted Pendulum Experiment for MATLAB/Simulink Users},
  author={Apiarian, J. and Karam, P. and L{\'e}vis, M.},
  year={2011},
  publisher={Quanser}
}

@book{AL:04,
  title={A mathematical approach to classical control},
  author={Lewis, A.},
  year={2004},
  publisher={Queen's University}
}

@article{david1971introduction,
  title={An introduction to observers},
  author={Luenberger, David G.},
  journal={IEEE Transactions on automatic control},
  volume={16},
  number={6},
  pages={596--602},
  year={1971}
}

@book{astrom2010feedback,
  title={Feedback systems: an introduction for scientists and engineers},
  author={Astr{\"o}m, Karl Johan and Murray, Richard M},
  year={2010},
  publisher={Princeton university press}
}

@article{dabroom1999discrete,
  title={Discrete-time implementation of high-gain observers for numerical differentiation},
  author={Dabroom, Ahmed M and Khalil, Hassan K},
  journal={International Journal of Control},
  volume={72},
  number={17},
  pages={1523--1537},
  year={1999},
  publisher={Taylor \& Francis}
}

@book{kwakernaak1972linear,
  title={Linear optimal control systems},
  author={Kwakernaak, Huibert and Sivan, Raphael},
  volume={1},
  year={1972},
  publisher={Wiley-interscience New York}
}